@phdthesis{varret-these,
author="F. Varret",
title="\'Etude par effet M{\"{o}}ssbauer de composées ioniques ferreux et ferriques",
school="Université PARIS IV",
year="1972",
key="No CNRS AO 7890"
}

@book{gabriel-methodo,
author="J.R. Gabriel",
title="M{\"{o}}ssbauer Effect Methodology",
Volume=1,
year=1965,
publisher="I.J. Gruverman, Plenum Press",
adress="New York"
}

@book{abragam-appli,
author="A. Abragam",
title="L'Effet M{\"{o}}ssbauer et son application {\`a}  l'étude des champs internes",
year=1964,
publisher="Dunod",
adress="Paris"
}

@article{marquardt,
author="D.W. Marquardt",
title="An algorithm for least-squares estimation of non-linear parameters",
journal="J. Soc. Ind. Appl. Math",
year=1963,
volume=11,
page=431
}
